@article{feynman-simulating,
    author = {Feynman, Richard P.},
    title = {Simulating physics with computers},
    journal = {Int J Theor Phys},
    volume = {21},
    number = {6-7},
    pages = {467-488},
    year = {1982},
    publisher = {Springer Science and Business Media LLC},
    doi = {10.1007/bf02650179},
    source = {Crossref},
    issn = {0020-7748, 1572-9575},
    month = jun,
}

@online{mcardle2018quantum,
    author = {McArdle, Sam and Endo, Suguru and Aspuru-Guzik, Alan and Benjamin, Simon and Yuan, Xiao},
    title = {Quantum computational chemistry},
    eprinttype = {arxiv},
    eprint = {1808.10402},
    eprintclass = {quant-ph},
    year = {2018},
}

@article{bennett2014quantum,
    title={Quantum cryptography},
    author={Bennett, Charles H and Brassard, Gilles},
    journal={Theoretical Computer Science},
    volume={560},
    number={P1},
    pages={7--11},
    year={2014},
    publisher={Elsevier Science Publishers Ltd. Essex, UK}
}

@article{lee2019experimental,
    author = {Lee, Joong-Sung and Bang, Jeongho and Hong, Sunghyuk and Lee, Changhyoup and Seol, Kang Hee and Lee, Jinhyoung and Lee, Kwang-Geol},
    title = {Experimental demonstration of quantum learning speedup with classical input data},
    journal = {Phys. Rev. A},
    volume = {99},
    number = {1},
    pages = {012313},
    year = {2019},
    publisher = {American Physical Society (APS)},
    doi = {10.1103/physreva.99.012313},
    source = {Crossref},
    issn = {2469-9926, 2469-9934},
    month = jan,
}

@article{shor-factoring,
    author = {Shor, Peter W.},
    title = {Polynomial-Time Algorithms for Prime Factorization and Discrete Logarithms on a Quantum Computer},
    journal = {SIAM Rev.},
    volume = {41},
    number = {2},
    pages = {303-332},
    year = {1999},
    publisher = {Society for Industrial \& Applied Mathematics (SIAM)},
    doi = {10.1137/s0036144598347011},
    source = {Crossref},
    issn = {0036-1445, 1095-7200},
    month = jan,
}

@book{nielsen-chuang,
    author = {Nielsen, Michael A. and Chuang, Isaac L.},
    title = {Quantum Computation and Quantum Information},
    year = {2009},
    isbn = {9780511976667},
    edition = {10th},
    publisher = {Cambridge University Press},
    address = {New York, NY, USA},
    doi = {10.1017/cbo9780511976667},
    source = {Crossref},
    subtitle = {10th Anniversary Edition},
}

@online{ibm-quantum,
    author = {{IBM}},
    title = {Quantum Computing},
    url = {https://www.ibm.com/quantum-computing/},
    urldate = {2020-05-6}
}

@online{google-quantum,
    author = {{Google AI}},
    title = {Quantum},
    url = {https://ai.google/research/teams/applied-science/quantum/},
    urldate = {2019-05-6}
}

@article{arute2019quantum,
    author={Arute, Frank
    and Arya, Kunal
    and Babbush, Ryan
    and Bacon, Dave
    and Bardin, Joseph C.
    and Barends, Rami
    and Biswas, Rupak
    and Boixo, Sergio
    and Brandao, Fernando G. S. L.
    and Buell, David A.
    and Burkett, Brian
    and Chen, Yu
    and Chen, Zijun
    and Chiaro, Ben
    and Collins, Roberto
    and Courtney, William
    and Dunsworth, Andrew
    and Farhi, Edward
    and Foxen, Brooks
    and Fowler, Austin
    and Gidney, Craig
    and Giustina, Marissa
    and Graff, Rob
    and Guerin, Keith
    and Habegger, Steve
    and Harrigan, Matthew P.
    and Hartmann, Michael J.
    and Ho, Alan
    and Hoffmann, Markus
    and Huang, Trent
    and Humble, Travis S.
    and Isakov, Sergei V.
    and Jeffrey, Evan
    and Jiang, Zhang
    and Kafri, Dvir
    and Kechedzhi, Kostyantyn
    and Kelly, Julian
    and Klimov, Paul V.
    and Knysh, Sergey
    and Korotkov, Alexander
    and Kostritsa, Fedor
    and Landhuis, David
    and Lindmark, Mike
    and Lucero, Erik
    and Lyakh, Dmitry
    and Mandr{\`a}, Salvatore
    and McClean, Jarrod R.
    and McEwen, Matthew
    and Megrant, Anthony
    and Mi, Xiao
    and Michielsen, Kristel
    and Mohseni, Masoud
    and Mutus, Josh
    and Naaman, Ofer
    and Neeley, Matthew
    and Neill, Charles
    and Niu, Murphy Yuezhen
    and Ostby, Eric
    and Petukhov, Andre
    and Platt, John C.
    and Quintana, Chris
    and Rieffel, Eleanor G.
    and Roushan, Pedram
    and Rubin, Nicholas C.
    and Sank, Daniel
    and Satzinger, Kevin J.
    and Smelyanskiy, Vadim
    and Sung, Kevin J.
    and Trevithick, Matthew D.
    and Vainsencher, Amit
    and Villalonga, Benjamin
    and White, Theodore
    and Yao, Z. Jamie
    and Yeh, Ping
    and Zalcman, Adam
    and Neven, Hartmut
    and Martinis, John M.},
    title={Quantum supremacy using a programmable superconducting processor},
    journal={Nature},
    year={2019},
    volume={574},
    number={7779},
    pages={505-510},
    issn={1476-4687},
    doi={10.1038/s41586-019-1666-5},
    url={https://doi.org/10.1038/s41586-019-1666-5}
}

@book{cormen2009introduction,
    title={Introduction to algorithms},
    author={Cormen, Thomas H and Leiserson, Charles E and Rivest, Ronald L and Stein, Clifford},
    year={2009},
    publisher={MIT press}
}

@article{hemaspaandra2002sigact,
    title={Sigact news complexity theory column 36},
    author={Hemaspaandra, Lane A},
    journal={ACM SIGACT News},
    volume={33},
    number={2},
    pages={34--47},
    year={2002},
    publisher={ACM New York, NY, USA}
}

@article{hemaspaandra2012sigact,
    title={SIGACT news complexity theory column 74.},
    author={Hemaspaandra, Lane A},
    journal={SIGACT News},
    volume={43},
    number={2},
    pages={51--52},
    year={2012}
}

@article{hemaspaandra2019sigact,
    title={SIGACT News Complexity Theory Column 100.},
    author={Hemaspaandra, Lane A},
    journal={SIGACT News},
    volume={50},
    number={1},
    pages={35--37},
    year={2019}
}


@inbook{aaronson2011quantum,
    author = {Aaronson, Scott},
    title = {Quantum Computing Promises New Insights, Not Just Supermachines},
    year = {2011},
    doi = {10.1017/cbo9780511979309.010},
    pages = {109-131},
    source = {Crossref},
    booktitle = {Quantum {Computing} since {Democritus}},
    publisher = {Cambridge University Press},
    chapter = {Quantum},
    isbn = {9780511979309},
}

@article{einstein1935can,
    title={Can quantum-mechanical description of physical reality be considered complete?},
    author={Einstein, Albert and Podolsky, Boris and Rosen, Nathan},
    journal={Physical review},
    volume={47},
    number={10},
    pages={777},
    year={1935},
    publisher={APS}
}

@article{bennett1992communication,
    title={Communication via one-and two-particle operators on Einstein-Podolsky-Rosen states},
    author={Bennett, Charles H and Wiesner, Stephen J},
    journal={Physical review letters},
    volume={69},
    number={20},
    pages={2881},
    year={1992},
    publisher={APS}
}

@article{bennett1973logical,
    title={Logical reversibility of computation},
    author={Bennett, Charles H},
    journal={IBM journal of Research and Development},
    volume={17},
    number={6},
    pages={525--532},
    year={1973},
    publisher={IBM}
}


@article{bernstein1997quantum,
    title={Quantum complexity theory},
    author={Bernstein, Ethan and Vazirani, Umesh},
    journal={SIAM Journal on computing},
    volume={26},
    number={5},
    pages={1411--1473},
    year={1997},
    publisher={SIAM}
}

@inproceedings{aaronson2010bqp,
    title={BQP and the polynomial hierarchy},
    author={Aaronson, Scott},
    booktitle={Proceedings of the forty-second ACM symposium on Theory of computing},
    pages={141--150},
    year={2010}
}

@article{aaronson2008limits,
    title={The limits of quantum},
    author={Aaronson, Scott},
    journal={Scientific American},
    volume={298},
    number={3},
    pages={62--69},
    year={2008},
    publisher={JSTOR}
}

@article{preskill2018quantum,
    title={Quantum Computing in the NISQ era and beyond},
    author={Preskill, John},
    journal={Quantum},
    volume={2},
    pages={79},
    year={2018},
    publisher={Verein zur F{\"o}rderung des Open Access Publizierens in den Quantenwissenschaften}
}

@online{oud2019simulation,
    author = {Oud, Steven},
    title = {Simulation of Quantum Algorithms for Solving Machine Learning Problems},
    url = {https://github.com/soudy/quantum-ml-research-paper/blob/master/quantum-ml-research-paper.pdf},
    urldate = {2020-05-9},
    year = {2019},
}

@online{oud2019introduction,
    author = {Oud, Steven},
    title = {Introduction to Quantum Computing},
    url = {https://github.com/soudy/introduction-to-quantum-computing/raw/master/introduction-to-quantum-computing.pdf},
    urldate = {2020-05-9},
    year = {2019},
}

@book{griffiths2018introduction,
    author = {Griffiths, David J. and Schroeter, Darrell F.},
    title = {Introduction to Quantum Mechanics},
    year = {2018},
    publisher = {Cambridge University Press},
    doi = {10.1017/9781316995433},
    source = {Crossref},
    isbn = {9781316995433, 9781107189638},
    month = aug,
}

@article{dirac1929quantum,
    author = {Dirac, P. A. M.},
    title = {Quantum Mechanics of Many-Electron Systems},
    journal = {Proceedings of the Royal Society A: Mathematical, Physical and Engineering Sciences},
    volume = {123},
    number = {792},
    pages = {714-733},
    year = {1929},
    publisher = {The Royal Society},
    doi = {10.1098/rspa.1929.0094},
    source = {Crossref},
    issn = {1364-5021, 1471-2946},
    month = apr,
}

@online{mcardle2018quantum,
    author = {McArdle, Sam and Endo, Suguru and Aspuru-Guzik, Alan and Benjamin, Simon and Yuan, Xiao},
    title = {Quantum computational chemistry},
    eprinttype = {arxiv},
    eprint = {1808.10402},
    eprintclass = {quant-ph},
    year = {2018},
}

@article{lidar1999calculating,
    author = {Lidar, Daniel A. and Wang, Haobin},
    title = {Calculating the thermal rate constant with exponential speedup on a quantum computer},
    journal = {Phys. Rev. E},
    volume = {59},
    number = {2},
    pages = {2429-2438},
    year = {1999},
    publisher = {American Physical Society (APS)},
    doi = {10.1103/physreve.59.2429},
    source = {Crossref},
    issn = {1063-651X, 1095-3787},
    month = feb,
}

@article{kassal2008polynomial,
    author = {Kassal, I. and Jordan, S. P. and Love, P. J. and Mohseni, M. and Aspuru-Guzik, A.},
    title = {Polynomial-time quantum algorithm for the simulation of chemical dynamics},
    journal = {Proceedings of the National Academy of Sciences},
    volume = {105},
    number = {48},
    pages = {18681-18686},
    year = {2008},
    publisher = {Proceedings of the National Academy of Sciences},
    doi = {10.1073/pnas.0808245105},
    source = {Crossref},
    issn = {0027-8424, 1091-6490},
    month = nov,
}

@article{aspuru2005simulated,
    author = {Aspuru-Guzik, A.},
    title = {Simulated Quantum Computation of Molecular Energies},
    journal = {Science},
    volume = {309},
    number = {5741},
    pages = {1704-1707},
    year = {2005},
    publisher = {American Association for the Advancement of Science (AAAS)},
    doi = {10.1126/science.1113479},
    source = {Crossref},
    issn = {0036-8075, 1095-9203},
    month = sep,
}

@article{vqe,
    author = {Peruzzo, Alberto and McClean, Jarrod and Shadbolt, Peter and Yung, Man-Hong and Zhou, Xiao-Qi and Love, Peter J. and Aspuru-Guzik, Alán and O’Brien, Jeremy L.},
    title = {A variational eigenvalue solver on a photonic quantum processor},
    journal = {Nat Commun},
    volume = {5},
    pages = {4213},
    year = {2014},
    publisher = {Springer Science and Business Media LLC},
    doi = {10.1038/ncomms5213},
    number = {1},
    source = {Crossref},
    issn = {2041-1723},
    month = jul,
}

@article{aspuru2005simulated,
    author = {Aspuru-Guzik, A.},
    title = {Simulated Quantum Computation of Molecular Energies},
    journal = {Science},
    volume = {309},
    number = {5741},
    pages = {1704-1707},
    year = {2005},
    publisher = {American Association for the Advancement of Science (AAAS)},
    doi = {10.1126/science.1113479},
    source = {Crossref},
    issn = {0036-8075, 1095-9203},
    month = sep,
}

@techreport{page1999pagerank,
    title={The pagerank citation ranking: Bringing order to the web.},
    author={Page, Lawrence and Brin, Sergey and Motwani, Rajeev and Winograd, Terry},
    year={1999},
    institution={Stanford InfoLab}
}

@article{golub2000eigenvalue,
    author = {Golub, Gene H. and van der Vorst, Henk A.},
    title = {Eigenvalue computation in the 20th century},
    journal = {J. Comput. Appl. Math.},
    volume = {123},
    number = {1-2},
    pages = {35-65},
    year = {2000},
    publisher = {Elsevier BV},
    doi = {10.1016/s0377-0427(00)00413-1},
    source = {Crossref},
    issn = {0377-0427},
    month = nov,
}

@inproceedings{grover1996fast,
    title={A fast quantum mechanical algorithm for database search},
    author={Grover, Lov K},
    booktitle={Proceedings of the twenty-eighth annual ACM symposium on Theory of computing},
    pages={212--219},
    year={1996}
}

@online{jordan2011quantum,
    title={Quantum algorithm zoo},
    author={Jordan, Stephen},
    url = {https://quantumalgorithmzoo.org/},
    urldate = {2020-05-13}
}

@article{zalka1998efficient,
    title={Efficient simulation of quantum systems by quantum computers},
    author={Zalka, Christof},
    journal={Fortschritte der Physik: Progress of Physics},
    volume={46},
    number={6-8},
    pages={877--879},
    year={1998},
    publisher={Wiley Online Library}
}

@article{lloyd1996universal,
    title={Universal quantum simulators},
    author={Lloyd, Seth},
    journal={Science},
    pages={1073--1078},
    year={1996},
    publisher={JSTOR}
}

@article{aspuru2005simulated,
    title={Simulated quantum computation of molecular energies},
    author={Aspuru-Guzik, Al{\'a}n and Dutoi, Anthony D and Love, Peter J and Head-Gordon, Martin},
    journal={Science},
    volume={309},
    number={5741},
    pages={1704--1707},
    year={2005},
    publisher={American Association for the Advancement of Science}
}

@article{ambainis2005quantum,
    title={Quantum search algorithms},
    author={Ambainis, Andris},
    eprinttype = {arxiv},
    eprint = {quant-ph/0504012},
    year={2005}
}

@article{bennett1997strengths,
    title={Strengths and weaknesses of quantum computing},
    author={Bennett, Charles H and Bernstein, Ethan and Brassard, Gilles and Vazirani, Umesh},
    journal={SIAM journal on Computing},
    volume={26},
    number={5},
    pages={1510--1523},
    year={1997},
    publisher={SIAM}
}

@book{baldi2001bioinformatics,
    title={Bioinformatics: the machine learning approach},
    author={Baldi, Pierre and Brunak, S{\o}ren},
    year={2001},
    publisher={MIT press}
}

@book{noordik2004cheminformatics,
    title={Cheminformatics developments: history, reviews and current research},
    author={Noordik, Jan H},
    year={2004},
    publisher={IOS Press}
}

@article{baron2019machine,
    title={Machine learning in astronomy: A practical overview},
    author={Baron, Dalya},
    eprinttype = {arxiv},
    eprint = {1904.07248},
    eprintclass = {astro-ph},
    year={2019}
}

@article{torlai2017many,
    title={Many-body quantum state tomography with neural networks},
    author={Torlai, Giacomo and Mazzola, Guglielmo and Carrasquilla, Juan and Troyer, Matthias and Melko, Roger and Carleo, Giuseppe},
    eprinttype = {arxiv},
    eprint = {1703.05334},
    eprintclass = {cond-mat},
    year={2017}
}

@article{jain2017non,
    title={Non-convex optimization for machine learning},
    author={Jain, Prateek and Kar, Purushottam},
    eprinttype = {arxiv},
    eprint = {1712.07897},
    eprintclass = {stat},
    year={2017}
}

@article{lloyd2013quantum,
    author = {Lloyd, Seth and Mohseni, Masoud and Rebentrost, Patrick},
    title = {Quantum algorithms for supervised and unsupervised machine learning},
    eprinttype = {arxiv},
    eprint = {1307.0411},
    eprintclass = {quant-ph},
    year = {2013},
}

@article{gao2018quantum,
    author = {Gao, X. and Zhang, Z.-Y. and Duan, L.-M.},
    title = {A quantum machine learning algorithm based on generative models},
    volume = {4},
    number = {12},
    elocation-id = {eaat9004},
    year = {2018},
    doi = {10.1126/sciadv.aat9004},
    publisher = {American Association for the Advancement of Science (AAAS)},
    abstract = {Quantum computing and artificial intelligence, combined together, may revolutionize future technologies. A significant school of thought regarding artificial intelligence is based on generative models. Here, we propose a general quantum algorithm for machine learning based on a quantum generative model. We prove that our proposed model is more capable of representing probability distributions compared with classical generative models and has exponential speedup in learning and inference at least for some instances if a quantum computer cannot be efficiently simulated classically. Our result opens a new direction for quantum machine learning and offers a remarkable example where a quantum algorithm shows exponential improvement over classical algorithms in an important application field.},
    url = {https://doi.org/10.1126/sciadv.aat9004},
    eprint = {https://advances.sciencemag.org/content/4/12/eaat9004.full.pdf},
    journal = {Sci. Adv.},
    pages = {eaat9004},
    source = {Crossref},
    issn = {2375-2548},
    month = dec,
}

@article{yoo2014quantum,
    author = {Yoo, Seokwon and Bang, Jeongho and Lee, Changhyoup and Lee, Jinhyoung},
    doi = {10.1088/1367-2630/16/10/103014},
    url = {https://doi.org/10.1088/1367-2630/16/10/103014},
    year = {2014},
    month = oct,
    publisher = {IOP Publishing},
    volume = {16},
    number = {10},
    pages = {103014},
    title = {A quantum speedup in machine learning: Finding an {N-bit} Boolean function for a classification},
    journal = {New J. Phys.},
    source = {Crossref},
    issn = {1367-2630},
}

@article{biamonte2017quantum,
    title={Quantum machine learning},
    volume={549},
    ISSN={1476-4687},
    url={http://dx.doi.org/10.1038/nature23474},
    DOI={10.1038/nature23474},
    number={7671},
    journal={Nature},
    publisher={Springer Science and Business Media LLC},
    author={Biamonte, Jacob and Wittek, Peter and Pancotti, Nicola and Rebentrost, Patrick and Wiebe, Nathan and Lloyd, Seth},
    year={2017},
    month={Sep},
    pages={195–202}
}

@article{qnn-near-term,
    author = {Farhi, Edward and Neven, Hartmut},
    title = {Classification with quantum neural networks on near term processors},
    eprinttype = {arxiv},
    eprint = {1802.06002},
    eprintclass = {quant-ph},
    year = {2018},
}

@online{romero2019variational,
    author = {Romero, Jonathan and Aspuru-Guzik, Alan},
    title = {Variational quantum generators: {Generative} adversarial quantum machine learning for continuous distributions},
    eprinttype = {arxiv},
    eprint = {1901.00848},
    eprintclass = {quant-ph},
    year = {2019},
}

@article{havlivcek2019supervised,
    author = {Havlíček, Vojtěch and Córcoles, Antonio D. and Temme, Kristan and Harrow, Aram W. and Kandala, Abhinav and Chow, Jerry M. and Gambetta, Jay M.},
    title = {Supervised learning with quantum-enhanced feature spaces},
    journal = {Nature},
    volume = {567},
    number = {7747},
    pages = {209-212},
    year = {2019},
    publisher = {Springer Nature},
    doi = {10.1038/s41586-019-0980-2},
    source = {Crossref},
    url = {https://doi.org/10.1038/s41586-019-0980-2},
    issn = {0028-0836, 1476-4687},
    month = mar,
}

@article{schuld2019quantum,
    author = {Schuld, Maria and Killoran, Nathan},
    title = {Quantum Machine Learning in Feature {Hilbert} Spaces},
    journal = {Phys. Rev. Lett.},
    volume = {122},
    number = {4},
    pages = {040504},
    year = {2019},
    publisher = {American Physical Society (APS)},
    doi = {10.1103/physrevlett.122.040504},
    source = {Crossref},
    url = {https://doi.org/10.1103/physrevlett.122.040504},
    issn = {0031-9007, 1079-7114},
    month = feb,
}

@misc{otterbach2017unsupervised,
    author = {{Otterbach}, J. S. and {Manenti}, R. and {Alidoust}, N. and {Bestwick}, A. and {Block}, M. and {Bloom}, B. and {Caldwell}, S. and {Didier}, N. and {Schuyler Fried}, E. and {Hong}, S. and {Karalekas}, P. and {Osborn}, C. B. and {Papageorge}, A. and {Peterson}, E. C. and {Prawiroatmodjo}, G. and {Rubin}, N. and {Ryan}, Colm A. and {Scarabelli}, D. and {Scheer}, M. and {Sete}, E. A. and {Sivarajah}, P. and {Smith}, Robert S. and {Staley}, A. and {Tezak}, N. and {Zeng}, W. J. and {Hudson}, A. and {Johnson}, Blake R. and {Reagor}, M. and {da Silva}, M. P. and {Rigetti}, C.},
    title = {Unsupervised Machine Learning on a Hybrid Quantum Computer},
    year = {2017},
    eprinttype = {arxiv},
    eprint = {1712.05771},
    eprintclass = {quant-ph},
}

@misc{verdon2017quantum,
    title={A quantum algorithm to train neural networks using low-depth circuits},
    author={Guillaume Verdon and Michael Broughton and Jacob Biamonte},
    year={2017},
    eprint={1712.05304},
    archivePrefix={arXiv},
    primaryClass={quant-ph}
}

@misc{anschuetz2019realizing,
    title={Realizing Quantum {Boltzmann} Machines Through Eigenstate Thermalization},
    author={Eric R. Anschuetz and Yudong Cao},
    year={2019},
    eprint={1903.01359},
    archivePrefix={arXiv},
    primaryClass={quant-ph}
}

@article{harrow2009quantum,
    author = {Harrow, Aram W. and Hassidim, Avinatan and Lloyd, Seth},
    title = {Quantum Algorithm for Linear Systems of Equations},
    journal = {Phys. Rev. Lett.},
    volume = {103},
    number = {15},
    pages = {150502},
    year = {2009},
    publisher = {American Physical Society (APS)},
    doi = {10.1103/physrevlett.103.150502},
    source = {Crossref},
    url = {https://doi.org/10.1103/physrevlett.103.150502},
    issn = {0031-9007, 1079-7114},
    month = oct,
}

@article{schuld2016prediction,
    title={Prediction by linear regression on a quantum computer},
    volume={94},
    ISSN={2469-9934},
    url={http://dx.doi.org/10.1103/PhysRevA.94.022342},
    DOI={10.1103/physreva.94.022342},
    number={2},
    journal={Physical Review A},
    publisher={American Physical Society (APS)},
    author={Schuld, Maria and Sinayskiy, Ilya and Petruccione, Francesco},
    year={2016},
    month={Aug}
}

@article{yu2017improved,
    title={An improved quantum algorithm for ridge regression},
    author={Chao-Hua Yu and Fei Gao and Qiao-Yan Wen},
    year={2017},
    eprint={1707.09524},
    archivePrefix={arXiv},
    primaryClass={quant-ph}
}

@article{rebentrost2014quantum,
    author = {Rebentrost, Patrick and Mohseni, Masoud and Lloyd, Seth},
    title = {Quantum Support Vector Machine for Big Data Classification},
    journal = {Phys. Rev. Lett.},
    volume = {113},
    number = {13},
    pages = {130503},
    year = {2014},
    publisher = {American Physical Society (APS)},
    doi = {10.1103/physrevlett.113.130503},
    source = {Crossref},
    url = {https://doi.org/10.1103/physrevlett.113.130503},
    issn = {0031-9007, 1079-7114},
    month = sep,
}